@article{gonen2012predicting,
  title={Predicting drug--target interactions from chemical and genomic kernels using Bayesian matrix factorization},
  author={G{\"o}nen, Mehmet},
  journal={Bioinformatics},
  volume={28},
  number={18},
  pages={2304--2310},
  year={2012},
  publisher={Oxford Univ Press}
}
@article{xia2010semi,
  title={Semi-supervised drug-protein interaction prediction from heterogeneous biological spaces},
  author={Xia, Zheng and Wu, Ling-Yun and Zhou, Xiaobo and Wong, Stephen TC},
  journal={BMC systems biology},
  volume={4},
  number={Suppl 2},
  pages={S6},
  year={2010},
  publisher={BioMed Central Ltd}
}

@article{vanLaarhoven2011,
  author = {van Laarhoven, Twan and Nabuurs, Sander B. and Marchiori, Elena},
  title = {Gaussian interaction profile kernels for predicting drug--target interaction},
  journal = {Bioinformatics},
  issue_date = {November 2011},
  volume = {27},
  number = {21},
  month = nov,
  year = {2011},
  pages = {3036--3043},
  publisher = {Oxford University Press},
  address = {Oxford, UK}
}

@article{jacob2008protein,
  title={Protein-ligand interaction prediction: an improved chemogenomics approach},
  author={Jacob, Laurent and Vert, Jean-Philippe},
  journal={Bioinformatics},
  volume={24},
  number={19},
  pages={2149--2156},
  year={2008},
  publisher={Oxford Univ Press}
}

@article{gonen2012predicting,
  title={Predicting drug--target interactions from chemical and genomic kernels using Bayesian matrix factorization},
  author={G{\"o}nen, Mehmet},
  journal={Bioinformatics},
  volume={28},
  number={18},
  pages={2304--2310},
  year={2012},
  publisher={Oxford Univ Press}
}

@inproceedings{zheng2013collaborative,
  title={Collaborative matrix factorization with multiple similarities for predicting drug-target interactions},
  author={Zheng, Xiaodong and Ding, Hao and Mamitsuka, Hiroshi and Zhu, Shanfeng},
  booktitle={Proceedings of the 19th ACM SIGKDD international conference on Knowledge discovery and data mining},
  pages={1025--1033},
  year={2013},
  organization={ACM}
}

@inproceedings{tang2013exploiting,
  title={Exploiting local and global social context for recommendation},
  author={Tang, Jiliang and Hu, Xia and Gao, Huiji and Liu, Huan},
  booktitle={Proceedings of the Twenty-Third international joint conference on Artificial Intelligence},
  pages={2712--2718},
  year={2013},
  organization={AAAI Press}
}

@article{ding2013similarity,
  title={Similarity-based machine learning methods for predicting drug--target interactions: a brief review},
  author={Ding, Hao and Takigawa, Ichigaku and Mamitsuka, Hiroshi and Zhu, Shanfeng},
  journal={Briefings in bioinformatics},
  pages={bbt056},
  year={2013},
  publisher={Oxford Univ Press}
}

@article {PMID:15137231,
	Title = {[Classification of drugs using the ATC system (Anatomic, Therapeutic, Chemical Classification) and the latest changes]},
	Author = {Skrbo, Armin and Begović, Begler and Skrbo, Selma},
	Number = {1 Suppl 2},
	Volume = {58},
	Year = {2004},
	Journal = {Medicinski arhiv},
	Pages = {138—141},
	URL = {http://europepmc.org/abstract/MED/15137231}
}

@inproceedings{lin1998information,
  title={An information-theoretic definition of similarity.},
  author={Lin, Dekang},
  booktitle={ICML},
  volume={98},
  pages={296--304},
  year={1998}
}

@article{ashburner2000gene,
  title={Gene Ontology: tool for the unification of biology},
  author={Ashburner, Michael and Ball, Catherine A and Blake, Judith A and Botstein, David and Butler, Heather and Cherry, J Michael and Davis, Allan P and Dolinski, Kara and Dwight, Selina S and Eppig, Janan T and others},
  journal={Nature genetics},
  volume={25},
  number={1},
  pages={25--29},
  year={2000},
  publisher={Nature Publishing Group}
}

@article{yamanishi2008prediction,
  title={Prediction of drug--target interaction networks from the integration of chemical and genomic spaces},
  author={Yamanishi, Yoshihiro and Araki, Michihiro and Gutteridge, Alex and Honda, Wataru and Kanehisa, Minoru},
  journal={Bioinformatics},
  volume={24},
  number={13},
  pages={i232--i240},
  year={2008},
  publisher={Oxford Univ Press}
}
